%Fichier bibliographique

%%%%
% MArkov
%%%%%
%chapitre 11 pour les chaînes de markov
@book{grinstead1997introduction,
  title={Introduction to probability},
  author={Grinstead, C. M. and Snell, J.L.},
  pages={405--466},
  year={1997},
  publisher={American Mathematical Society}
}

%likelihood
@book{edwards1984likelihood,
  title={Likelihood T},
  author={Edwards, Anthony WF},
  year={1984},
  publisher={CUP Archive}
}
%%%%
% Algèbre
%%%%%




%%%%%
%GRaphes
%%%%%%%

@book{bondy1976graph,
  title={Graph theory with applications},
  author={Bondy, J.A. and Murty, U.S.R.},
  volume={290},
  year={1976},
  publisher={Macmillan London}
}

@article{graham1985history,
  title={On the history of the minimum spanning tree problem},
  author={Graham, R.L. and Hell, P.},
  journal={Annals of the History of Computing},
  volume={7},
  number={1},
  pages={43--57},
  year={1985},
  publisher={IEEE}
}

@article{moret1991empirical,
  title={An empirical analysis of algorithms for constructing a minimum spanning tree},
  author={Moret, B. and Shapiro, H.},
  journal={Algorithms and Data Structures},
  pages={400--411},
  year={1991},
  publisher={Springer}
}

@article{gower1969minimum,
  title={Minimum Spanning Trees and Single Linkage Cluster Analysis},
  author={Gower, JC and Ross, GJS},
  journal={Journal of the Royal Statistical Society. Series C (Applied Statistics)},
  volume={18},
  number={1},
  pages={54--64},
  year={1969}
}

%page 9, puissance des matrices d'adjacence
@book{biggs1993algebraic, 
  title={Algebraic graph theory},
  author={Biggs, N.},
  year={1993},
  publisher={Cambridge University Press}
}

%%%%
% Logiciel R
%%%



%%%%%%%
%	Méthodes classiques
%%%%%%
@article{yuan2007dimension,
  title={Dimension reduction and coefficient estimation in multivariate linear regression},
  author={Yuan, M. and Ekici, A. and Lu, Z. and Monteiro, R.},
  journal={Journal of the Royal Statistical Society: Series B (Statistical Methodology)},
  volume={69},
  number={3},
  pages={329--346},
  year={2007},
  publisher={Wiley Online Library}
}
@book{montgomery2012introduction,
  title={Introduction to linear regression analysis},
  author={Montgomery, D.C. and Peck, E.A. and Vining, G.},
  volume={821},
  year={2012},
  publisher={John Wiley \& Sons}
}


@book{TIMM,
  title={Applied multivariate analysis},
  author={Timm, N.H.},
  year={2002},
  publisher={Springer Verlag}
}


@article{CurdsandWhey,
  title={Predicting multivariate responses in multiple linear regression},
  author={Breiman, L. and Friedman, J.H.},
  journal={Journal of the Royal Statistical Society: Series B (Statistical Methodology)},
  volume={59},
  number={1},
  pages={3--54},
  year={1997},
  publisher={Wiley Online Library}
}

%OLS
@article{dodge2004analyse,
  title={Analyse de r{\'e}gression appliqu{\'e}e: manuel et exercices corrig{\'e}s (Coll. Eco Sup, )},
  author={Dodge, Y. and Rousson, V.},
  journal={Recherche},
  volume={67},
  pages={02},
  year={2004}
}

@book{saporta2006probabilites,
  title={Probabilit{\'e}s, analyse des donn{\'e}es et statistique},
  author={Saporta, G.},
  year={2006},
  publisher={Editions Technip}
}

%stepwise
@book{seber2012linear,
  title={Linear regression analysis},
  author={Seber, G.A.F. and Lee, A. J},
  volume={936},
  year={2012},
  publisher={John Wiley \& Sons}
}

%OLS constrained
@book{amemiya1985advanced,
  title={Advanced econometrics},
  author={Amemiya, T.},
  year={1985},
  pages={20--23},
  publisher={Harvard university press}
}
@article{DePierro2000145,
title = "Some new properties of the equality constrained and weighted least squares problem ",
journal = "Linear Algebra and its Applications ",
volume = "320",
pages = "145 - 165",
year = "2000",
note = "",
issn = "0024-3795",
doi = "http://dx.doi.org/10.1016/S0024-3795(00)00213-5",
url = "http://www.sciencedirect.com/science/article/pii/S0024379500002135",
author = "Alvaro R. De Pierro and Musheng Wei",
keywords = "Least squares",
keywords = "Equality constrained",
keywords = "Weighted",
keywords = "Perturbation",
keywords = "\{QR\} decomposition "
}

@article{PSP:2043984,
author = {Penrose,R.},
title = {A generalized inverse for matrices},
journal = {Mathematical Proceedings of the Cambridge Philosophical Society},
volume = {51},
issue = {03},
month = {7},
year = {1955},
issn = {1469-8064},
pages = {406--413},
numpages = {8},
doi = {10.1017/S0305004100030401},
URL = {http://journals.cambridge.org/article_S0305004100030401},
}

@article{zhou2013path,
  title={A path algorithm for constrained estimation},
  author={Zhou, H. and Lange, K.},
  journal={Journal of Computational and Graphical Statistics},
  volume={22},
  number={2},
  pages={261--283},
  year={2013},
  publisher={Taylor \& Francis Group}
}

%constrained lasso

@article{ClassoGareth,
  title={The Constrained LASSO},
  author={Gareth M.J., Courtney P., and Paat
R.},
journal={URL: http://www-bcf.usc.edu/˜gareth/research/CLassoFinal.pdf},
  year={2013},
}
@inproceedings{xu2013generalized,
  title={The generalized lasso is reducible to a subspace constrained lasso},
  author={Xu, H. and Eis, D.J. and Ramadge, P.J.},
  booktitle={Acoustics, Speech and Signal Processing (ICASSP), 2013 IEEE International Conference on},
  pages={3268--3272},
  year={2013},
  organization={IEEE}
}

%sem
@article{davidson1993estimation,
  title={Estimation and inference in econometrics},
  author={Davidson, R. and MacKinnon, J.G.},
  journal={Oxford University Press Catalogue},
  year={1993},
  publisher={Oxford University Press}
}

@book{pearl2000causality,
  title={Causality: models, reasoning, and inference},
  author={Pearl, J.},
  volume={47},
  year={2000},
  publisher={Cambridge Univ Press}
}

@article{pearl1998graphs,
  title={Graphs, causality, and structural equation models},
  author={Pearl, J.},
  journal={Sociological Methods \& Research},
  volume={27},
  number={2},
  pages={226--284},
  year={1998},
  publisher={Sage Publications}
}

@article{brito2006graphical,
  title={Graphical condition for identification in recursive SEM},
  author={Brito, C. and Pearl, J.},
  year={2006}
}

%L:\Thèse\biblio\régression\JoRSSB 1997 régression linéaire multiple multivariée.pdf

@article{SURzellner,
  title={An efficient method of estimating seemingly unrelated regressions and tests for aggregation bias},
  author={Zellner, A.},
  journal={Journal of the American statistical Association},
  pages={348--368},
  year={1962},
  publisher={JSTOR}
}

%régression logistique
@book{hosmer2000applied,
  title={Applied logistic regression},
  author={Hosmer, D.W. and Lemeshow, S.},
  volume={354},
  year={2000},
  publisher={Wiley-Interscience}
}

%glm
@article{kiebel2003general,
  title={The general linear model},
  author={Kiebel, S. and Holmes, A.P.},
  journal={Human brain function},
  volume={2},
  pages={725--760},
  year={2003},
  publisher={et al., 2nd ed. New York: Academic}
}

@article{wickens2004general,
  title={The general linear model},
  author={Wickens, T.D.},
  journal={Institute for Pure and Applied Mathematics. URL: http://www. ipam. ucla. edu/publications/mbi2004/mbi2004\_5017. pdf},
  year={2004}
}

%CART
@book{breiman1984classification,
  title={Classification and regression trees},
  author={Breiman, L.},
  year={1984},
  publisher={Chapman \& Hall/CRC}
}

@article{quinlan1986induction,
  title={Induction of decision trees},
  author={Quinlan, J.R.},
  journal={Machine learning},
  volume={1},
  number={1},
  pages={81--106},
  year={1986},
  publisher={Springer}
}

@INPROCEEDINGS{Karalic92linearregression,
    author = {Karalic, A.},
    title = {Linear Regression in Regression Tree Leaves},
    booktitle = {In Proceedings of ECAI-92},
    year = {1992},
    pages = {440--441},
    publisher = {John Wiley and Sons}
}

%réseaux de neurones
@article{fausett1994fundamentals,
  title={Fundamentals of neural networks: architectures, algorithms, and applications},
  author={Fausett, L.},
  journal={Englewood Cliffs},
  year={1994}
}

%réseaux bayésiens
@article{heckerman1995learning,
  title={Learning Bayesian networks: The combination of knowledge and statistical data},
  author={Heckerman, D. and Geiger, D. and Chickering, D.M.},
  journal={Machine learning},
  volume={20},
  number={3},
  pages={197--243},
  year={1995},
  publisher={Springer}
}

@book{jensen2007bayesian,
  title={Bayesian networks and decision graphs},
  author={Jensen, F.V. and Nielsen, T.D.},
  year={2007},
  publisher={Springer Verlag}
}

@article{friedman2000using,
  title={Using Bayesian networks to analyze expression data},
  author={Friedman, N. and Linial, M. and Nachman, I. and Pe'er, D.},
  journal={Journal of computational biology},
  volume={7},
  number={3-4},
  pages={601--620},
  year={2000},
  publisher={Mary Ann Liebert, Inc.}
}
%Ridge regression
@article{marquardt1975ridge,
  title={Ridge regression in practice},
  author={Marquardt, D.W. and Snee, R.D.},
  journal={American Statistician},
  pages={3--20},
  year={1975},
  publisher={JSTOR}
}
@article{le1992ridge,
  title={Ridge estimators in logistic regression},
  author={Le Cessie, S. and Van Houwelingen, J.C.},
  journal={Applied statistics},
  pages={191--201},
  year={1992},
  publisher={JSTOR}
}
@article{hoerl1970ridge,
  title={Ridge regression: applications to nonorthogonal problems},
  author={Hoerl, A.E. and Kennard, R.W.},
  journal={Technometrics},
  pages={69--82},
  year={1970},
  publisher={JSTOR}
}


%Methode clere
@article{yengo2012variable,
  title={Variable clustering in high dimensional linear regression models},
  author={Yengo, L. and Jacques, J. and Biernacki, C. and others},
  year={2012},
  pdf = {http://hal.archives-ouvertes.fr/hal-00764927/PDF/CLERE.pdf},
}



%%%%%%%
% Sélection de variables
%%%%%%

%Sparse covariance matrix
@article{dempster1972covariance,
  title={Covariance selection},
  author={Dempster, A.P.},
  journal={Biometrics},
  pages={157--175},
  year={1972},
  publisher={JSTOR}
}

@article{d2008first,
  title={First-order methods for sparse covariance selection},
  author={d'Aspremont, A. and Banerjee, O. and El Ghaoui, L.},
  journal={SIAM Journal on Matrix Analysis and Applications},
  volume={30},
  number={1},
  pages={56--66},
  year={2008},
  publisher={SIAM}
}


@article{witten2009covariance,
  title={Covariance-regularized regression and classification for high dimensional problems},
  author={Witten, D.M. and Tibshirani, R.},
  journal={Journal of the Royal Statistical Society: Series B (Statistical Methodology)},
  volume={71},
  number={3},
  pages={615--636},
  year={2009},
  publisher={Wiley Online Library}
}

%Glasso
@article{friedman2008sparse,
  title={Sparse inverse covariance estimation with the graphical lasso},
  author={Friedman, J. and Hastie, T. and Tibshirani, R.},
  journal={Biostatistics},
  volume={9},
  number={3},
  pages={432--441},
  year={2008},
  publisher={Biometrika Trust}
}

@article{witten2011new,
  title={New insights and faster computations for the graphical lasso},
  author={Witten, D.M. and Friedman, J.H. and Simon, N.},
  journal={Journal of Computational and Graphical Statistics},
  volume={20},
  number={4},
  pages={892--900},
  year={2011},
  publisher={Taylor \& Francis}
}
@article{tibshiranilasso,
  title={The lasso: some novel algorithms and applications},
  author={Tibshirani, R. and Hoefling, G.N. and Wang, P. and Witten, D.}
}

@techreport{friedman2010applications,
  title={Applications of the lasso and grouped lasso to the estimation of sparse graphical models},
  author={Friedman, J. and Hastie, T. and Tibshirani, R.},
  year={2010},
  institution={Technical report, Stanford University}
}

%LASSO
@article{tibshirani1996regression,
  title={Regression shrinkage and selection via the lasso},
  author={Tibshirani, R.},
  journal={Journal of the Royal Statistical Society. Series B (Methodological)},
  pages={267--288},
  year={1996},
  publisher={JSTOR}
}

%LARS
@article{efron2004least,
  title={Least angle regression},
  author={Efron, B. and Hastie, T. and Johnstone, I. and Tibshirani, R.},
  journal={The Annals of statistics},
  volume={32},
  number={2},
  pages={407--499},
  year={2004},
  publisher={Institute of Mathematical Statistics}
}

%lars necessite OLS en surcouche
@article {SAM10088,
author = {Zhang, Yongli and Shen, Xiaotong},
title = {Model selection procedure for high-dimensional data},
journal = {Statistical Analysis and Data Mining},
volume = {3},
number = {5},
publisher = {Wiley Subscription Services, Inc., A Wiley Company},
issn = {1932-1872},
url = {http://dx.doi.org/10.1002/sam.10088},
doi = {10.1002/sam.10088},
pages = {350--358},
keywords = {model selection, information criterion, large p but small n, RIC, power market},
year = {2010},
}
%adapatatve lasso
@article{zou2006adaptive,
  title={The adaptive lasso and its oracle properties},
  author={Zou, H.},
  journal={Journal of the American statistical association},
  volume={101},
  number={476},
  pages={1418--1429},
  year={2006},
  publisher={Taylor \& Francis}
}

%problèmes du lasso/lars en correlations
@article{Zhao2006MSC,
 author = {Zhao, P. and Yu, B.},
 title = {On Model Selection Consistency of Lasso},
 journal = {J. Mach. Learn. Res.},
 issue_date = {12/1/2006},
 volume = {7},
 month = dec,
 year = {2006},
 issn = {1532-4435},
 pages = {2541--2563},
 numpages = {23},
 url = {http://dl.acm.org/citation.cfm?id=1248547.1248637},
 acmid = {1248637},
 publisher = {JMLR.org},
} 

%SIR
@article{li1991sliced,
  title={Sliced inverse regression for dimension reduction},
  author={Li, K.C.},
  journal={Journal of the American Statistical Association},
  pages={316--327},
  year={1991},
  publisher={JSTOR}
}

%Random lasso
@article{wang2011random,
  title={Random lasso},
  author={Wang, S. and Nan, B. and Rosset, S. and Zhu, J.},
  journal={The annals of applied statistics},
  volume={5},
  number={1},
  pages={468},
  year={2011},
  publisher={NIH Public Access}
}


@article{saracco1999regression,
  title={La regression inverse par tranches ou m{\'e}thode SIR: presentation g{\'e}n{\'e}rale},
  author={Saracco, J. and Larramendy, I. and Aragon, Y.},
  journal={La revue de Modulad},
  number={22},
  pages={21--39},
  year={1999},
  publisher={Institut national de la recherche en informatique et en automatique}
}


%elastic net
@article{zou2005regularization,
  title={Regularization and variable selection via the elastic net},
  author={Zou, H. and Hastie, T.},
  journal={Journal of the Royal Statistical Society: Series B (Statistical Methodology)},
  volume={67},
  number={2},
  pages={301--320},
  year={2005},
  publisher={Wiley Online Library}
}


%VISA
@article{radchenko2008variable,
  title={Variable inclusion and shrinkage algorithms},
  author={Radchenko, P. and James, G.M.},
  journal={Journal of the American Statistical Association},
  volume={103},
  number={483},
  year={2008}
}

%%%%%%%
% MCMC
%%%%%%

@book{gilks1996markov,
  title={Markov chain Monte Carlo in practice},
  author={Gilks, W.R. and Richardson, S. and Spiegelhalter, D.J.},
  volume={2},
  year={1996},
  publisher={CRC press}
}

%Metropolis Hastings
@article{chib1995understanding,
  title={Understanding the metropolis-hastings algorithm},
  author={Chib, S. and Greenberg, E.},
  journal={American Statistician},
  pages={327--335},
  year={1995},
  publisher={JSTOR}
}

@article{roberts2001optimal,
  title={Optimal scaling for various Metropolis-Hastings algorithms},
  author={Roberts, G.O. and Rosenthal, J.S.},
  journal={Statistical Science},
  volume={16},
  number={4},
  pages={351--367},
  year={2001},
  publisher={Institute of Mathematical Statistics}
}


%GIBBS
@article{casella1992explaining,
  title={Explaining the Gibbs sampler},
  author={Casella, G. and George, E.I.},
  journal={American Statistician},
  pages={167--174},
  year={1992},
  publisher={JSTOR}
}

@article{george1993variable,
  title={Variable selection via Gibbs sampling},
  author={George, E.I. and McCulloch, R.E.},
  journal={Journal of the American Statistical Association},
  pages={881--889},
  year={1993},
  publisher={JSTOR}
}

%%%%%%%%%%
% Généralités statistiques (BIC, ...)
%%%%%%
@article{BIChuard,
  title={Une introduction au crit{\`e}re BIC: fondements th{\'e}oriques et interpr{\'e}tation},
  author={Lebarbier, {\'E}. and Mary-Huard, T.},
  journal={Journal de la SFdS},
  volume={147},
  number={1},
  pages={39--57},
  year={2006}
}


%Missing values
@article{little1992regression,
  title={Regression with missing X's: a review},
  author={Little, R.J.A.},
  journal={Journal of the American Statistical Association},
  volume={87},
  number={420},
  pages={1227--1237},
  year={1992},
  publisher={Taylor \& Francis Group}
}

@article{Chauveau19951,
title = "A stochastic \{EM\} algorithm for mixtures with censored data ",
journal = "Journal of Statistical Planning and Inference ",
volume = "46",
number = "1",
pages = "1 - 25",
year = "1995",
note = "",
issn = "0378-3758",
doi = "http://dx.doi.org/10.1016/0378-3758(94)00097-F",
url = "http://www.sciencedirect.com/science/article/pii/037837589400097F",
author = "Chauveau, D.",
keywords = "62A10",
keywords = "62F10",
keywords = "62F12",
keywords = "62M05",
keywords = "Censored data",
keywords = "\{EM\} algorithm",
keywords = "Finite mixture",
keywords = "Maximum likelihood",
keywords = "Stochastic algorithm "
}

@article{diebolt1996stochastic,
  title={A stochastic EM algorithm for approximating the maximum likelihood estimate},
  author={Diebolt, J. and Ip, E.H.S.},
  journal={Markov chain Monte Carlo in practice},
  year={1996},
  publisher={Chapman and Hall}
}

%Mixmod
@article{biernacki2006model,
  title={Model-based cluster and discriminant analysis with the MIXMOD software},
  author={Biernacki, C. and Celeux, G. and Govaert, G. and Langrognet, F.},
  journal={Computational Statistics \& Data Analysis},
  volume={51},
  number={2},
  pages={587--600},
  year={2006},
  publisher={Elsevier}
}


%Mélanges gaussiens
@book{mclachlan2004finite,
  title={Finite mixture models},
  author={McLachlan, G. and Peel, D.},
  year={2004},
  publisher={John Wiley \& Sons}
}

%RIC
@article{foster1994risk,
  title={The risk inflation criterion for multiple regression},
  author={Foster, D.P. and George, E.I.},
  journal={The Annals of Statistics},
  pages={1947--1975},
  year={1994},
  publisher={JSTOR}
}

%selection criterions
@article{george2000variable,
  title={The variable selection problem},
  author={George, E.I.},
  journal={Journal of the American Statistical Association},
  volume={95},
  number={452},
  pages={1304--1308},
  year={2000},
  publisher={Taylor \& Francis Group}
}
%OSCAR
@article{bondell2008simultaneous,
  title={Simultaneous regression shrinkage, variable selection, and supervised clustering of predictors with OSCAR},
  author={Bondell, H.D. and Reich, B.J.},
  journal={Biometrics},
  volume={64},
  number={1},
  pages={115--123},
  year={2008},
  publisher={Wiley Online Library}
}

%Spike and slab
@article{ishwaran2005spike,
  title={Spike and slab variable selection: frequentist and Bayesian strategies},
  author={Ishwaran, H. and Rao, J.S.},
  journal={Annals of Statistics},
  pages={730--773},
  year={2005},
  publisher={JSTOR}
}

%chiquetconf (SPRING)
@article{chiquetconf,
	author={Chiquet J., Mary-Huard T. and Robin S.},
	title={Multi-trait genomic selection via multivariate regression with structured regularization},
	journal={Proceedings of MLCB/NIPS'13 workshop},
	year={2013} 
}

%EM algorithme
@article{dempster1977maximum,
  title={Maximum likelihood from incomplete data via the EM algorithm},
  author={Dempster, A.P. and Laird, N.M. and Rubin, D.B. and others},
  journal={Journal of the Royal statistical Society},
  volume={39},
  number={1},
  pages={1--38},
  year={1977},
  publisher={Series B}
}

@book{mclachlan2007algorithm,
  title={The EM algorithm and extensions},
  author={McLachlan, G. and Krishnan, T.},
  volume={382},
  year={2007},
  publisher={John Wiley \& Sons}
}


%inverse généralisée
@article{katsikis2008fast,
  title={Fast computing of the Moore-Penrose inverse matrix},
  author={Katsikis, V.N. and Pappas, D.},
  journal={Electronic Journal of Linear Algebra},
  volume={17},
  number={1},
  pages={637--650},
  year={2008}
}
%statistiques Bayesiennes
@article{raftery1995bayesian,
  title={Bayesian model selection in social research},
  author={Raftery, A.E.},
  journal={Sociological methodology},
  volume={25},
  pages={111--164},
  year={1995},
  publisher={Blackwell Publishers}
}

@article{andrieu1999joint,
  title={Joint Bayesian model selection and estimation of noisy sinusoids via reversible jump MCMC},
  author={Andrieu, C. and Doucet, A.},
  journal={Signal Processing, IEEE Transactions on},
  volume={47},
  number={10},
  pages={2667--2676},
  year={1999},
  publisher={IEEE}
}

@article{chipman2001practical,
  title={The practical implementation of Bayesian model selection},
  author={Chipman, H. and George, E.I. and McCulloch, R.E. and Clyde, M. and Foster, D.P. and Stine, R.A.},
  journal={Lecture Notes-Monograph Series},
  pages={65--134},
  year={2001},
  publisher={JSTOR}
}

%études de cas 
@article{isobe1990linear,
  title={Linear regression in astronomy.},
  author={Isobe, T. and Feigelson, E.D. and Akritas, M.G. and Babu, G.J.},
  journal={The astrophysical journal},
  volume={364},
  pages={104--113},
  year={1990}
}

@article{longford2012revision,
  title={A Revision of School Effectiveness Analysis},
  author={Longford, N.T.}, 
  journal={Journal of Educational and Behavioral Statistics},
  volume={37},
  number={1},
  pages={157--179},
  year={2012},
  publisher={SAGE Publications}
}


%selvarclust

@article{raftery2006variable,
  title={Variable selection for model-based clustering},
  author={Raftery, Adrian E and Dean, Nema},
  journal={Journal of the American Statistical Association},
  volume={101},
  number={473},
  pages={168--178},
  year={2006},
  publisher={Taylor \& Francis}
}

@article{maugis2009variable,
  title={Variable selection in model-based clustering: A general variable role modeling},
  author={Maugis, Cathy and Celeux, Gilles and Martin-Magniette, M-L},
  journal={Computational Statistics \& Data Analysis},
  volume={53},
  number={11},
  pages={3872--3882},
  year={2009},
  publisher={Elsevier}
}

@article{anderson1984estimating,
  title={Estimating linear statistical relationships},
  author={Anderson, Theodore Wilbur},
  journal={The Annals of Statistics},
  pages={1--45},
  year={1984},
  publisher={JSTOR}
}

%reverse regression
 @article{1984greene,
     jstor_articletype = {research-article},
     title = {Reverse Regression: The Algebra of Discrimination},
     author = {Greene, William H.},
     journal = {Journal of Business & Economic Statistics},
     jstor_issuetitle = {},
     volume = {2},
     number = {2},
     jstor_formatteddate = {Apr., 1984},
     pages = {pp. 117-120},
     url = {http://www.jstor.org/stable/1391254},
     ISSN = {07350015},
     abstract = {},
     language = {English},
     year = {1984},
     publisher = {American Statistical Association},
     copyright = {Copyright © 1984 American Statistical Association},
    }
    
@article{goldberger1984reverse,
  title={Reverse regression and salary discrimination},
  author={Goldberger, Arthur S},
  journal={Journal of Human Resources},
  pages={293--318},
  year={1984},
  publisher={JSTOR}
}

@article{leamer1978least,
  title={Least-squares versus instrumental variables estimation in a simple errors in variables model},
  author={Leamer, Edward E},
  journal={Econometrica: Journal of the Econometric Society},
  pages={961--968},
  year={1978},
  publisher={JSTOR}
}

@book{cameron2005microeconometrics,
  title={Microeconometrics: methods and applications},
  author={Cameron, A Colin and Trivedi, Pravin K},
  year={2005},
  publisher={Cambridge university press}
}

@article{leamer1978least,
  title={Least-squares versus instrumental variables estimation in a simple errors in variables model},
  author={Leamer, Edward E},
  journal={Econometrica: Journal of the Econometric Society},
  pages={961--968},
  year={1978},
  publisher={JSTOR}
}